@article{subramanian2018learning,
  title={Learning general purpose distributed sentence representations via large scale multi-task learning},
  author={Subramanian, Sandeep and Trischler, Adam and Bengio, Yoshua and Pal, Christopher J},
  journal={arXiv preprint arXiv:1804.00079},
  year={2018}
}

@article{cer2018universal,
  title={Universal sentence encoder},
  author={Cer, Daniel and Yang, Yinfei and Kong, Sheng-yi and Hua, Nan and Limtiaco, Nicole and John, Rhomni St and Constant, Noah and Guajardo-Cespedes, Mario and Yuan, Steve and Tar, Chris and others},
  journal={arXiv preprint arXiv:1803.11175},
  year={2018}
}

@article{conneau2017supervised,
  title={Supervised learning of universal sentence representations from natural language inference data},
  author={Conneau, Alexis and Kiela, Douwe and Schwenk, Holger and Barrault, Loic and Bordes, Antoine},
  journal={arXiv preprint arXiv:1705.02364},
  year={2017}
}

@inproceedings{kiros2015skip,
  title={Skip-thought vectors},
  author={Kiros, Ryan and Zhu, Yukun and Salakhutdinov, Ruslan R and Zemel, Richard and Urtasun, Raquel and Torralba, Antonio and Fidler, Sanja},
  booktitle={Advances in neural information processing systems},
  pages={3294--3302},
  year={2015}
}

@article{wieting2015towards,
  title={Towards universal paraphrastic sentence embeddings},
  author={Wieting, John and Bansal, Mohit and Gimpel, Kevin and Livescu, Karen},
  journal={arXiv preprint arXiv:1511.08198},
  year={2015}
}

@article{hill2016learning,
  title={Learning distributed representations of sentences from unlabelled data},
  author={Hill, Felix and Cho, Kyunghyun and Korhonen, Anna},
  journal={arXiv preprint arXiv:1602.03483},
  year={2016}
}

@article{lee2019biobert,
  title={BioBERT: pre-trained biomedical language representation model for biomedical text mining},
  author={Lee, Jinhyuk and Yoon, Wonjin and Kim, Sungdong and Kim, Donghyeon and Kim, Sunkyu and So, Chan Ho and Kang, Jaewoo},
  journal={arXiv preprint arXiv:1901.08746},
  year={2019}
}

@article{chen2018biosentvec,
  title={BioSentVec: creating sentence embeddings for biomedical texts},
  author={Chen, Qingyu and Peng, Yifan and Lu, Zhiyong},
  journal={arXiv preprint arXiv:1810.09302},
  year={2018}
}

@article{devlin2018bert,
  title={Bert: Pre-training of deep bidirectional transformers for language understanding},
  author={Devlin, Jacob and Chang, Ming-Wei and Lee, Kenton and Toutanova, Kristina},
  journal={arXiv preprint arXiv:1810.04805},
  year={2018}
}

@inproceedings{kalchbrenner2013recurrent,
  title={Recurrent continuous translation models},
  author={Kalchbrenner, Nal and Blunsom, Phil},
  booktitle={Proceedings of the 2013 Conference on Empirical Methods in Natural Language Processing},
  pages={1700--1709},
  year={2013}
}

@inproceedings{sutskever2014sequence,
  title={Sequence to sequence learning with neural networks},
  author={Sutskever, Ilya and Vinyals, Oriol and Le, Quoc V},
  booktitle={Advances in neural information processing systems},
  pages={3104--3112},
  year={2014}
}

@article{cho2014learning,
  title={Learning phrase representations using RNN encoder-decoder for statistical machine translation},
  author={Cho, Kyunghyun and Van Merri{\"e}nboer, Bart and Gulcehre, Caglar and Bahdanau, Dzmitry and Bougares, Fethi and Schwenk, Holger and Bengio, Yoshua},
  journal={arXiv preprint arXiv:1406.1078},
  year={2014}
}

@article{britz2017massive,
  title={Massive exploration of neural machine translation architectures},
  author={Britz, Denny and Goldie, Anna and Luong, Minh-Thang and Le, Quoc},
  journal={arXiv preprint arXiv:1703.03906},
  year={2017}
}

@article{luong2015multi,
  title={Multi-task sequence to sequence learning},
  author={Luong, Minh-Thang and Le, Quoc V and Sutskever, Ilya and Vinyals, Oriol and Kaiser, Lukasz},
  journal={arXiv preprint arXiv:1511.06114},
  year={2015}
}

@article{conneau2018you,
  title={What you can cram into a single vector: Probing sentence embeddings for linguistic properties},
  author={Conneau, Alexis and Kruszewski, German and Lample, Guillaume and Barrault, Lo{\"\i}c and Baroni, Marco},
  journal={arXiv preprint arXiv:1805.01070},
  year={2018}
}

@article{ranjan2018fake,
  title={Fake Sentence Detection as a Training Task for Sentence Encoding},
  author={Ranjan, Viresh and Kwon, Heeyoung and Balasubramanian, Niranjan and Hoai, Minh},
  journal={arXiv preprint arXiv:1808.03840},
  year={2018}
}

@article{bowman2015large,
  title={A large annotated corpus for learning natural language inference},
  author={Bowman, Samuel R and Angeli, Gabor and Potts, Christopher and Manning, Christopher D},
  journal={arXiv preprint arXiv:1508.05326},
  year={2015}
}

@article{DBLP:journals/corr/KirosZSZTUF15,
  author    = {Ryan Kiros and
               Yukun Zhu and
               Ruslan Salakhutdinov and
               Richard S. Zemel and
               Antonio Torralba and
               Raquel Urtasun and
               Sanja Fidler},
  title     = {Skip-Thought Vectors},
  journal   = {CoRR},
  volume    = {abs/1506.06726},
  year      = {2015},
  url       = {http://arxiv.org/abs/1506.06726},
  archivePrefix = {arXiv},
  eprint    = {1506.06726},
  timestamp = {Mon, 13 Aug 2018 16:48:27 +0200},
  biburl    = {https://dblp.org/rec/bib/journals/corr/KirosZSZTUF15},
  bibsource = {dblp computer science bibliography, https://dblp.org}
}

@article{DBLP:journals/corr/WietingBGL15a,
  author    = {John Wieting and
               Mohit Bansal and
               Kevin Gimpel and
               Karen Livescu},
  title     = {Towards Universal Paraphrastic Sentence Embeddings},
  journal   = {CoRR},
  volume    = {abs/1511.08198},
  year      = {2015},
  url       = {http://arxiv.org/abs/1511.08198},
  archivePrefix = {arXiv},
  eprint    = {1511.08198},
  timestamp = {Mon, 13 Aug 2018 16:46:09 +0200},
  biburl    = {https://dblp.org/rec/bib/journals/corr/WietingBGL15a},
  bibsource = {dblp computer science bibliography, https://dblp.org}
}

@article{DBLP:journals/corr/HillCK16,
  author    = {Felix Hill and
               Kyunghyun Cho and
               Anna Korhonen},
  title     = {Learning Distributed Representations of Sentences from Unlabelled
               Data},
  journal   = {CoRR},
  volume    = {abs/1602.03483},
  year      = {2016},
  url       = {http://arxiv.org/abs/1602.03483},
  archivePrefix = {arXiv},
  eprint    = {1602.03483},
  timestamp = {Mon, 13 Aug 2018 16:47:44 +0200},
  biburl    = {https://dblp.org/rec/bib/journals/corr/HillCK16},
  bibsource = {dblp computer science bibliography, https://dblp.org}
}

@article{DBLP:journals/corr/ConneauKSBB17,
  author    = {Alexis Conneau and
               Douwe Kiela and
               Holger Schwenk and
               Lo{\"{\i}}c Barrault and
               Antoine Bordes},
  title     = {Supervised Learning of Universal Sentence Representations from Natural
               Language Inference Data},
  journal   = {CoRR},
  volume    = {abs/1705.02364},
  year      = {2017},
  url       = {http://arxiv.org/abs/1705.02364},
  archivePrefix = {arXiv},
  eprint    = {1705.02364},
  timestamp = {Mon, 13 Aug 2018 16:48:46 +0200},
  biburl    = {https://dblp.org/rec/bib/journals/corr/ConneauKSBB17},
  bibsource = {dblp computer science bibliography, https://dblp.org}
}
@book{Aho:72,
    author  = {Alfred V. Aho and Jeffrey D. Ullman},
    title   = {The Theory of Parsing, Translation and Compiling},
    year    = "1972",
    volume  = "1",
    publisher = {Prentice-Hall},
    address = {Englewood Cliffs, NJ}
}

@book{APA:83,
    author  = {{American Psychological Association}},
    title   = {Publications Manual},
    year    = "1983",
   publisher = {American Psychological Association},
   address = {Washington, DC}
}

@article{ACM:83,
	author = {Association for Computing Machinery},
	year = "1983",
	journal = {Computing Reviews},
	volume = "24",
	number = "11",
	pages = "503--512"
}

@article{Chandra:81,
	author = {Ashok K. Chandra and Dexter C. Kozen and Larry J. Stockmeyer},
	year = "1981",
	title = {Alternation},
	journal = {Journal of the Association for Computing Machinery},
	volume = "28",
	number = "1",
	pages = "114--133",
	doi = "10.1145/322234.322243",
}

@inproceedings{andrew2007scalable,
  title={Scalable training of {L1}-regularized log-linear models},
  author={Andrew, Galen and Gao, Jianfeng},
  booktitle={Proceedings of the 24th International Conference on Machine Learning},
  pages={33--40},
  year={2007},
}

@book{Gusfield:97,
    author  = {Dan Gusfield},
    title   = {Algorithms on Strings, Trees and Sequences},
    year    = "1997",
    publisher = {Cambridge University Press},
    address = {Cambridge, UK}
}

@inproceedings{borsch2011,
	Address = {Canberra, Australia},
	Author = {Benjamin Borschinger and Mark Johnson},
	Booktitle = {Proceedings of the Australasian Language Technology Association Workshop 2011},
	Month = {December},
	Pages = {10--18},
	Title = {A Particle Filter algorithm for {B}ayesian Wordsegmentation},
	Year = {2011}}

@article{rasooli-tetrault-2015,
    author    = {Mohammad Sadegh Rasooli and Joel R. Tetreault},
    title     = {Yara Parser: {A} Fast and Accurate Dependency Parser},
    journal   = {Computing Research Repository},
    volume    = {arXiv:1503.06733},
    year      = {2015},
    url       = {http://arxiv.org/abs/1503.06733},
    note    = {version 2}
}

@article{Ando2005,
	Acmid = {1194905},
	Author = {Ando, Rie Kubota and Zhang, Tong},
	Issn = {1532-4435},
	Issue_Date = {12/1/2005},
	Journal = {Journal of Machine Learning Research},
	Month = dec,
	Numpages = {37},
	Pages = {1817--1853},
	Publisher = {JMLR.org},
	Title = {A Framework for Learning Predictive Structures from Multiple Tasks and Unlabeled Data},
	Volume = {6},
	Year = {2005}}

@InProceedings{P16-1001,
  author =	"Goodman, James
  	 and Vlachos, Andreas
	     and Naradowsky, Jason",
  title =    "Noise reduction and targeted exploration in imitation learning for      Abstract Meaning Representation parsing    ",
  booktitle = 	    "Proceedings of the 54th Annual Meeting of the Association for      Computational Linguistics (Volume 1: Long Papers)    ",
  year =    "2016",
  publisher =	"Association for Computational Linguistics",
  pages =   "1--11",
  location =	"Berlin, Germany",
  doi =    "10.18653/v1/P16-1001",
  url =    "http://aclweb.org/anthology/P16-1001"
}

@InProceedings{C14-1001,
  author =	"Harper, Mary",
  title = 	"Learning from 26 Languages: Program Management and Science in the Babel Program",
  booktitle = 	"Proceedings of COLING 2014, the 25th International Conference on Computational Linguistics: Technical Papers",
  year =    "2014",
  publisher =	"Dublin City University and Association for Computational Linguistics",
  pages =   "1",
  location =	"Dublin, Ireland",
  url =    "http://aclweb.org/anthology/C14-1001"
}

@article{DBLP:journals/corr/BornmannM14,
  author    = {Lutz Bornmann and
               R{\"{u}}diger Mutz},
  title     = {Growth rates of modern science: {A} bibliometric analysis},
  journal   = {CoRR},
  volume    = {abs/1402.4578},
  year      = {2014},
  url       = {http://arxiv.org/abs/1402.4578},
  archivePrefix = {arXiv},
  eprint    = {1402.4578},
  timestamp = {Mon, 13 Aug 2018 16:48:57 +0200},
  biburl    = {https://dblp.org/rec/bib/journals/corr/BornmannM14},
  bibsource = {dblp computer science bibliography, https://dblp.org}
}

@article{DBLP:sciSpacy,
  author    = {Neumann, Mark and King, Daniel and Beltagy, Iz and Ammar, Waleed},
  title     = {ScispaCy: Fast and Robust Models for Biomedical Natural Language Processing},
  year      = {2019},
  month = {02},
  pages = {}
}

@article{DBLP:journals/corr/abs-1802-00400,
  author    = {Yanshan Wang and
               Sijia Liu and
               Naveed Afzal and
               Majid Rastegar{-}Mojarad and
               Liwei Wang and
               Feichen Shen and
               Paul Kingsbury and
               Hongfang Liu},
  title     = {A Comparison of Word Embeddings for the Biomedical Natural Language
               Processing},
  journal   = {CoRR},
  volume    = {abs/1802.00400},
  year      = {2018},
  url       = {http://arxiv.org/abs/1802.00400},
  archivePrefix = {arXiv},
  eprint    = {1802.00400},
  timestamp = {Mon, 13 Aug 2018 16:48:45 +0200},
  biburl    = {https://dblp.org/rec/bib/journals/corr/abs-1802-00400},
  bibsource = {dblp computer science bibliography, https://dblp.org}
}

@article{DBLP:journals/corr/abs-1803-11175,
  author    = {Daniel Cer and
               Yinfei Yang and
               Sheng{-}yi Kong and
               Nan Hua and
               Nicole Limtiaco and
               Rhomni St. John and
               Noah Constant and
               Mario Guajardo{-}Cespedes and
               Steve Yuan and
               Chris Tar and
               Yun{-}Hsuan Sung and
               Brian Strope and
               Ray Kurzweil},
  title     = {Universal Sentence Encoder},
  journal   = {CoRR},
  volume    = {abs/1803.11175},
  year      = {2018},
  url       = {http://arxiv.org/abs/1803.11175},
  archivePrefix = {arXiv},
  eprint    = {1803.11175},
  timestamp = {Mon, 13 Aug 2018 16:46:40 +0200},
  biburl    = {https://dblp.org/rec/bib/journals/corr/abs-1803-11175},
  bibsource = {dblp computer science bibliography, https://dblp.org}
}

@article{DBLP:journals/corr/LuongLSVK15,
  author    = {Minh{-}Thang Luong and
               Quoc V. Le and
               Ilya Sutskever and
               Oriol Vinyals and
               Lukasz Kaiser},
  title     = {Multi-task Sequence to Sequence Learning},
  journal   = {CoRR},
  volume    = {abs/1511.06114},
  year      = {2015},
  url       = {http://arxiv.org/abs/1511.06114},
  archivePrefix = {arXiv},
  eprint    = {1511.06114},
  timestamp = {Mon, 13 Aug 2018 16:48:11 +0200},
  biburl    = {https://dblp.org/rec/bib/journals/corr/LuongLSVK15},
  bibsource = {dblp computer science bibliography, https://dblp.org}
}

@article{DBLP:journals/corr/abs-1804-00079,
  author    = {Sandeep Subramanian and
               Adam Trischler and
               Yoshua Bengio and
               Christopher J. Pal},
  title     = {Learning General Purpose Distributed Sentence Representations via
               Large Scale Multi-task Learning},
  journal   = {CoRR},
  volume    = {abs/1804.00079},
  year      = {2018},
  url       = {http://arxiv.org/abs/1804.00079},
  archivePrefix = {arXiv},
  eprint    = {1804.00079},
  timestamp = {Mon, 13 Aug 2018 16:47:55 +0200},
  biburl    = {https://dblp.org/rec/bib/journals/corr/abs-1804-00079},
  bibsource = {dblp computer science bibliography, https://dblp.org}
}

@InProceedings{D13-1176,
  author = 	"Kalchbrenner, Nal
		and Blunsom, Phil",
  title = 	"Recurrent Continuous Translation Models",
  booktitle = 	"Proceedings of the 2013 Conference on Empirical Methods in Natural Language Processing",
  year = 	"2013",
  publisher = 	"Association for Computational Linguistics",
  pages = 	"1700--1709",
  location = 	"Seattle, Washington, USA",
  url = 	"http://aclweb.org/anthology/D13-1176"
}

@inproceedings{Sutskever:2014:SSL:2969033.2969173,
 author = {Sutskever, Ilya and Vinyals, Oriol and Le, Quoc V.},
 title = {Sequence to Sequence Learning with Neural Networks},
 booktitle = {Proceedings of the 27th International Conference on Neural Information Processing Systems - Volume 2},
 series = {NIPS'14},
 year = {2014},
 location = {Montreal, Canada},
 pages = {3104--3112},
 numpages = {9},
 url = {http://dl.acm.org/citation.cfm?id=2969033.2969173},
 acmid = {2969173},
 publisher = {MIT Press},
 address = {Cambridge, MA, USA},
} 

@article{DBLP:journals/corr/ChoMGBSB14,
  author    = {Kyunghyun Cho and
               Bart van Merrienboer and
               {\c{C}}aglar G{\"{u}}l{\c{c}}ehre and
               Fethi Bougares and
               Holger Schwenk and
               Yoshua Bengio},
  title     = {Learning Phrase Representations using {RNN} Encoder-Decoder for Statistical
               Machine Translation},
  journal   = {CoRR},
  volume    = {abs/1406.1078},
  year      = {2014},
  url       = {http://arxiv.org/abs/1406.1078},
  archivePrefix = {arXiv},
  eprint    = {1406.1078},
  timestamp = {Mon, 13 Aug 2018 16:46:44 +0200},
  biburl    = {https://dblp.org/rec/bib/journals/corr/ChoMGBSB14},
  bibsource = {dblp computer science bibliography, https://dblp.org}
}

@article{DBLP:journals/corr/PhamKL13,
  author    = {Vu Pham and
               Christopher Kermorvant and
               J{\'{e}}r{\^{o}}me Louradour},
  title     = {Dropout improves Recurrent Neural Networks for Handwriting Recognition},
  journal   = {CoRR},
  volume    = {abs/1312.4569},
  year      = {2013},
  url       = {http://arxiv.org/abs/1312.4569},
  archivePrefix = {arXiv},
  eprint    = {1312.4569},
  timestamp = {Mon, 13 Aug 2018 16:49:11 +0200},
  biburl    = {https://dblp.org/rec/bib/journals/corr/PhamKL13},
  bibsource = {dblp computer science bibliography, https://dblp.org}
}

@article{DBLP:journals/corr/DaiL15a,
  author    = {Andrew M. Dai and
               Quoc V. Le},
  title     = {Semi-supervised Sequence Learning},
  journal   = {CoRR},
  volume    = {abs/1511.01432},
  year      = {2015},
  url       = {http://arxiv.org/abs/1511.01432},
  archivePrefix = {arXiv},
  eprint    = {1511.01432},
  timestamp = {Mon, 13 Aug 2018 16:49:17 +0200},
  biburl    = {https://dblp.org/rec/bib/journals/corr/DaiL15a},
  bibsource = {dblp computer science bibliography, https://dblp.org}
}

@article{DBLP:journals/corr/KirosZSZTUF15,
  author    = {Ryan Kiros and
               Yukun Zhu and
               Ruslan Salakhutdinov and
               Richard S. Zemel and
               Antonio Torralba and
               Raquel Urtasun and
               Sanja Fidler},
  title     = {Skip-Thought Vectors},
  journal   = {CoRR},
  volume    = {abs/1506.06726},
  year      = {2015},
  url       = {http://arxiv.org/abs/1506.06726},
  archivePrefix = {arXiv},
  eprint    = {1506.06726},
  timestamp = {Mon, 13 Aug 2018 16:48:27 +0200},
  biburl    = {https://dblp.org/rec/bib/journals/corr/KirosZSZTUF15},
  bibsource = {dblp computer science bibliography, https://dblp.org}
}